<record><leader>00000cas a22000007a 4500</leader><controlfield tag="001">8810520</controlfield><controlfield tag="008">820927d18501851caudn ne      0   a0eng  </controlfield><datafield ind1=" " ind2=" " tag="010"><subfield code="a">sn 82015440 </subfield></datafield><datafield ind1=" " ind2=" " tag="040"><subfield code="a">DLC</subfield><subfield code="b">eng</subfield><subfield code="c">DLC</subfield><subfield code="d">NPU</subfield><subfield code="d">NPX</subfield><subfield code="d">DLC</subfield><subfield code="d">YOX</subfield><subfield code="d">MGN</subfield><subfield code="d">CNK</subfield><subfield code="d">OCL</subfield><subfield code="d">IUL</subfield><subfield code="d">CUS</subfield><subfield code="d">KRTAS</subfield><subfield code="d">OCLCO</subfield><subfield code="d">OCLCF</subfield><subfield code="d">OCLCO</subfield></datafield><datafield ind1=" " ind2=" " tag="042"><subfield code="a">msc</subfield></datafield><datafield ind1="0" ind2="0" tag="050"><subfield code="a">Newspaper 7159</subfield></datafield><datafield ind1="1" ind2="4" tag="050"><subfield code="a">F864</subfield><subfield code="b">.C19</subfield></datafield><datafield ind1="0" ind2="0" tag="245"><subfield code="a">California daily courier.</subfield></datafield><datafield ind1="0" ind2="3" tag="246"><subfield code="a">California courier</subfield><subfield code="f">&lt;June 4-5, 1851&gt;</subfield></datafield><datafield ind1="0" ind2="3" tag="246"><subfield code="a">Daily California courier</subfield></datafield><datafield ind1=" " ind2=" " tag="260"><subfield code="a">San Francisco [Calif.] :</subfield><subfield code="b">James M. Crane and Francis W. Rice,</subfield><subfield code="c">1850-</subfield></datafield><datafield ind1=" " ind2=" " tag="300"><subfield code="a">v. :</subfield><subfield code="b">ill. (chiefly advertisements) ;</subfield><subfield code="c">56 cm.</subfield></datafield><datafield ind1=" " ind2=" " tag="310"><subfield code="a">Daily (except Sun.)</subfield></datafield><datafield ind1="0" ind2=" " tag="362"><subfield code="a">Vol. 1, no. 1 (July 1, 1850)-</subfield></datafield><datafield ind1="1" ind2=" " tag="362"><subfield code="a">Ceased in 1851.</subfield></datafield><datafield ind1=" " ind2=" " tag="500"><subfield code="a">Published as: California courier, &lt;June 4-5, 1851&gt;.</subfield></datafield><datafield ind1=" " ind2=" " tag="500"><subfield code="a">Publisher: James M. Crane, &lt;1851&gt;.</subfield></datafield><datafield ind1=" " ind2=" " tag="500"><subfield code="a">Editors: James M. Crane, Francis W. Rice, &lt;1850&gt;; James M. Crane, &lt;1851&gt;.</subfield></datafield><datafield ind1=" " ind2=" " tag="515"><subfield code="a">Preceded by: Pacific courier-extra Cf. Kemble, E.C.  Hist. of Calif. newspapers, 1846-1858.</subfield></datafield><datafield ind1=" " ind2=" " tag="515"><subfield code="a">Suspended &lt;1852&gt;. Cf. NIM.</subfield></datafield><datafield ind1=" " ind2=" " tag="530"><subfield code="a">Also available on microfilm from the University of California, Berkeley.</subfield></datafield><datafield ind1=" " ind2=" " tag="580"><subfield code="a">Weekly ed.: California weekly courier.</subfield></datafield><datafield ind1=" " ind2=" " tag="580"><subfield code="a">Steamer ed.: California weekly courier (San Francisco, Calif. : Steamer).</subfield></datafield><datafield ind1=" " ind2="0" tag="651"><subfield code="a">San Francisco (Calif.)</subfield><subfield code="v">Newspapers.</subfield></datafield><datafield ind1=" " ind2="7" tag="655"><subfield code="a">Newspapers.</subfield><subfield code="2">fast</subfield><subfield code="0">(OCoLC)fst01423814</subfield></datafield><datafield ind1=" " ind2="7" tag="651"><subfield code="a">California</subfield><subfield code="z">San Francisco.</subfield><subfield code="2">fast</subfield><subfield code="0">(OCoLC)fst01204481</subfield></datafield><datafield ind1=" " ind2=" " tag="752"><subfield code="a">United States</subfield><subfield code="b">California</subfield><subfield code="c">San Francisco</subfield><subfield code="d">San Francisco.</subfield></datafield><datafield ind1="1" ind2=" " tag="775"><subfield code="t">California weekly courier</subfield><subfield code="w">(DLC)sn 82014858</subfield></datafield><datafield ind1="1" ind2=" " tag="775"><subfield code="t">California weekly courier (San Francisco, Calif. : Steamer)</subfield><subfield code="w">(DLC)sn 82015710</subfield><subfield code="w">(OCoLC)11636228</subfield></datafield><datafield ind1="0" ind2="0" tag="785"><subfield code="t">Daily California courier</subfield><subfield code="w">(DLC)sn 85025301</subfield></datafield><datafield ind1=" " ind2=" " tag="938"><subfield code="a">Kirtas Technologies, Inc.</subfield><subfield code="b">KRTS</subfield><subfield code="n">736068</subfield></datafield></record>